@inproceedings{kopuklu2021driver,
    title={Driver anomaly detection: A dataset and contrastive learning approach},
    author={K{\"o}p{\"u}kl{\"u}, Okan and Zheng, Jiapeng and Xu, Hang and Rigoll, Gerhard},
    booktitle={Proceedings of the IEEE/CVF Winter Conference on Applications of Computer Vision},
    pages={91--100},
    year={2021}
}

@inproceedings{abouelnaga2018real,
    title={Real-time Distracted Driver Posture Classification},
    author={Abouelnaga, Yehya and Eraqi, Hesham M and Moustafa, Mohamed N},
    booktitle={Neural Information Processing Systems (NIPS 2018), Workshop on Machine Learning for Intelligent Transportation Systems},
    month={12},
    year={2018}
}

@inproceedings{martin2019drive,
    title={Drive\&act: A multi-modal dataset for fine-grained driver behavior recognition in autonomous vehicles},
    author={Martin, Manuel and Roitberg, Alina and Haurilet, Monica and Horne, Matthias and Rei{\ss}, Simon and Voit, Michael and Stiefelhagen, Rainer},
    booktitle={Proceedings of the IEEE/CVF International Conference on Computer Vision},
    pages={2801--2810},
    year={2019}
}

@inproceedings{ortega2020dmd,
    title={DMD: A large-scale multi-modal driver monitoring dataset for attention and alertness analysis},
    author={Ortega, Juan Diego and Kose, Neslihan and Ca{\~n}as, Paola and Chao, Min-An and Unnervik, Alexander and Nieto, Marcos and Otaegui, Oihana and Salgado, Luis},
    booktitle={European Conference on Computer Vision},
    pages={387--405},
    year={2020},
    organization={Springer}
}

@article{jegham2020novel,
    title={A novel public dataset for multimodal multiview and multispectral driver distraction analysis: 3MDAD},
    author={Jegham, Imen and Khalifa, Anouar Ben and Alouani, Ihsen and Mahjoub, Mohamed Ali},
    journal={Signal Processing: Image Communication},
    volume={88},
    pages={115960},
    year={2020},
    publisher={Elsevier}
}

@article{su2022efficient,
    title={Efficient Driver Anomaly Detection via Conditional Temporal Proposal and Classification Network},
    author={Su, Lang and Sun, Chen and Cao, Dongpu and Khajepour, Amir},
    journal={IEEE Transactions on Computational Social Systems},
    year={2022},
    publisher={IEEE}
}

@inproceedings{shan2022multi,
    title={Multi-view Vision Transformer for Driver Action Recognition},
    author={Shan, Guangwei and Ji, Qingge and Xie, Yuguang},
    booktitle={2021 6th International Conference on Intelligent Transportation Engineering (ICITE 2021)},
    pages={962--973},
    year={2022},
    organization={Springer}
}

@inproceedings{tran2018closer,
  title={A closer look at spatiotemporal convolutions for action recognition},
  author={Tran, Du and Wang, Heng and Torresani, Lorenzo and Ray, Jamie and LeCun, Yann and Paluri, Manohar},
  booktitle={Proceedings of the IEEE conference on Computer Vision and Pattern Recognition},
  pages={6450--6459},
  year={2018}
}

@inproceedings{he2020momentum,
  title={Momentum contrast for unsupervised visual representation learning},
  author={He, Kaiming and Fan, Haoqi and Wu, Yuxin and Xie, Saining and Girshick, Ross},
  booktitle={Proceedings of the IEEE/CVF conference on computer vision and pattern recognition},
  pages={9729--9738},
  year={2020}
}